% ---------------------------------------- Video

% -------------------- Video Generation Approaches (5)

% VGAN
@inproceedings{vondrick2016generating,
    title = {Generating videos with scene dynamics},
    author = {Vondrick, Carl and Pirsiavash, Hamed and Torralba, Antonio},
    booktitle = {Advances in neural information processing systems},
    pages = {613--621},
    year = {2016}
}

% TGAN
@inproceedings{saito2017temporal,
	title={Temporal generative adversarial nets with singular value clipping},
	author={Saito, Masaki and Matsumoto, Eiichi and Saito, Shunta},
	booktitle={Proceedings of the IEEE international conference on computer vision},
	pages={2830--2839},
	year={2017}
}

% MOCOGAN
@inproceedings{tulyakov2018mocogan,
    title = {Mocogan: Decomposing motion and content for video generation},
    author = {Tulyakov, Sergey and Liu, Ming-Yu and Yang, Xiaodong and Kautz, Jan},
    booktitle = {Proceedings of the IEEE conference on computer vision and pattern recognition},
    pages = {1526--1535},
    year = {2018}
}

% VOSGAN 2
@article{spampinato2018vos,
    title={VOS-GAN: Adversarial learning of visual-temporal dynamics for unsupervised dense prediction in videos},
    author={Spampinato, Concetto and Palazzo, Sergio and D’Oro, P and Murabito, Francesca and Giordano, Daniela and Shah, Mubarak},
    journal={arXiv preprint arXiv:1803.09092},
    volume={2},
    year={2018}
}

% VOSGAN
@article{spampinato2019adversarial,
    title = {Adversarial framework for unsupervised learning of motion dynamics in videos},
    author = {Spampinato, Concetto and Palazzo, Simone and D’Oro, P and Giordano, Daniela and Shah, Mubarak},
    journal = {International Journal of Computer Vision},
    pages = {1--20},
    year = {2019},
    publisher = {Springer}
}

% -------------------- Future Frame Prediction (4)

@inproceedings{vondrick2017generating,
    title = {Generating the future with adversarial transformers},
    author = {Vondrick, Carl and Torralba, Antonio},
    booktitle = {Proceedings of the IEEE Conference on Computer Vision and Pattern Recognition},
    pages = {1020--1028},
    year = {2017}
}

@article{jang2018video,
    title = {Video prediction with appearance and motion conditions},
    author = {Jang, Yunseok and Kim, Gunhee and Song, Yale},
    journal = {arXiv preprint arXiv:1807.02635},
    year = {2018}
}

@article{villegas2017decomposing,
    title = {Decomposing motion and content for natural video sequence prediction},
    author = {Villegas, Ruben and Yang, Jimei and Hong, Seunghoon and Lin, Xunyu and Lee, Honglak},
    journal = {arXiv preprint arXiv:1706.08033},
    year = {2017}
}

@inproceedings{talafha2020attentional,
    title = {Attentional Adversarial Variational Video Generation via Decomposing Motion and Content},
    author = {Talafha, Sameerah and Rekabdar, Banafsheh and Ekenna, Chinwe Pamela and Mousas, Christos},
    booktitle = {2020 IEEE 14th International Conference on Semantic Computing (ICSC)},
    pages = {45--52},
    year = {2020},
    organization = {IEEE}
}

% -------------------- Video Anomaly Detection

% ---------- Misc Approaches (5)

@article{xiang2008video,
    title = {Video behavior profiling for anomaly detection},
    author = {Xiang, Tao and Gong, Shaogang},
    journal = {IEEE transactions on pattern analysis and machine intelligence},
    volume = {30},
    number = {5},
    pages = {893--908},
    year = {2008},
    publisher = {IEEE}
}

% http://www.svcl.ucsd.edu/projects/anomaly/
@inproceedings{mahadevan2010anomaly,
    title={Anomaly detection in crowded scenes},
    author={Mahadevan, Vijay and Li, Weixin and Bhalodia, Viral and Vasconcelos, Nuno},
    booktitle={2010 IEEE Computer Society Conference on Computer Vision and Pattern Recognition},
    pages={1975--1981},
    year={2010},
    organization={IEEE}
}

% Removed from SotA
@inproceedings{saligrama2012video,
    title = {Video anomaly detection based on local statistical aggregates},
    author = {Saligrama, Venkatesh and Chen, Zhu},
    booktitle = {2012 IEEE Conference on Computer Vision and Pattern Recognition},
    pages = {2112--2119},
    year = {2012},
    organization = {IEEE}
}

@article{xu2017detecting,
    title={Detecting anomalous events in videos by learning deep representations of appearance and motion},
    author={Xu, Dan and Yan, Yan and Ricci, Elisa and Sebe, Nicu},
    journal={Computer Vision and Image Understanding},
    volume={156},
    pages={117--127},
    year={2017},
    publisher={Elsevier}
}

@inproceedings{liu2020enhancing,
    title={Enhancing Anomaly Detection in Surveillance Videos with Transfer Learning from Action Recognition},
    author={Liu, Kun and Zhu, Minzhi and Fu, Huiyuan and Ma, Huadong and Chua, Tat-Seng},
    booktitle={Proceedings of the 28th ACM International Conference on Multimedia},
    pages={4664--4668},
    year={2020}
}

% ---------- Adversarial Network Based Approaches (8)

% Removed from SotA
@inproceedings{wu2017system,
    title={A system for spatiotemporal anomaly localization in surveillance videos},
    author={Wu, Huimin and Shao, Jie and Xu, Xing and Shen, Fumin and Shen, Heng Tao},
    booktitle={Proceedings of the 25th ACM international conference on Multimedia},
    pages={1225--1226},
    year={2017}
}

@inproceedings{zhao2017spatio,
    title = {Spatio-temporal autoencoder for video anomaly detection},
    author = {Zhao, Yiru and Deng, Bing and Shen, Chen and Liu, Yao and Lu, Hongtao and Hua, Xian-Sheng},
    booktitle = {Proceedings of the 25th ACM international conference on Multimedia},
    pages = {1933--1941},
    year = {2017}
}

@inproceedings{liu2018future,
    title={Future frame prediction for anomaly detection--a new baseline},
    author={Liu, Wen and Luo, Weixin and Lian, Dongze and Gao, Shenghua},
    booktitle={Proceedings of the IEEE Conference on Computer Vision and Pattern Recognition},
    pages={6536--6545},
    year={2018}
}

@inproceedings{shin2018cctv,
    title={CCTV image sequence generation and modeling method for video anomaly detection using generative adversarial network},
    author={Shin, Wonsup and Cho, Sung-Bae},
    booktitle={International Conference on Intelligent Data Engineering and Automated Learning},
    pages={457--467},
    year={2018},
    organization={Springer}
}

@inproceedings{jamadandi2018predgan,
    title={PredGAN: a deep multi-scale video prediction framework for detecting anomalies in videos},
    author={Jamadandi, Adarsh and Kotturshettar, Sunidhi and Mudenagudi, Uma},
    booktitle={Proceedings of the 11th Indian Conference on Computer Vision, Graphics and Image Processing},
    pages={1--8},
    year={2018}
}

@article{dong2020dual,
    title={Dual Discriminator Generative Adversarial Network for Video Anomaly Detection},
    author={Dong, Fei and Zhang, Yu and Nie, Xiushan},
    journal={IEEE Access},
    year={2020},
    publisher={IEEE}
}

@article{shin20203d,
    title={3D-Convolutional Neural Network with Generative Adversarial Network and Autoencoder for Robust Anomaly Detection in Video Surveillance},
    author={Shin, Wonsup and Bu, Seok-Jun and Cho, Sung-Bae},
    journal={International Journal of Neural Systems},
    pages={2050034},
    year={2020},
    publisher={World Scientific}
}

@inproceedings{nguyen2020anomaly,
    title={Anomaly Detection in Traffic Surveillance Videos with GAN-based Future Frame Prediction},
    author={Nguyen, Khac-Tuan and Dinh, Dat-Thanh and Do, Minh N and Tran, Minh-Triet},
    booktitle={Proceedings of the 2020 International Conference on Multimedia Retrieval},
    pages={457--463},
    year={2020}
}

% -------------------- Action Recognition (1)

@inproceedings{simonyan2014two,
    title={Two-stream convolutional networks for action recognition in videos},
    author={Simonyan, Karen and Zisserman, Andrew},
    booktitle={Advances in neural information processing systems},
    pages={568--576},
    year={2014}
}

% -------------------- Optical Flow (3)

@inproceedings{dosovitskiy2015flownet,
  title={Flownet: Learning optical flow with convolutional networks},
  author={Dosovitskiy, Alexey and Fischer, Philipp and Ilg, Eddy and Hausser, Philip and Hazirbas, Caner and Golkov, Vladimir and Van Der Smagt, Patrick and Cremers, Daniel and Brox, Thomas},
  booktitle={Proceedings of the IEEE international conference on computer vision},
  pages={2758--2766},
  year={2015}
}

@article{ohnishi2017hierarchical,
    title = {Hierarchical video generation from orthogonal information: Optical flow and texture},
    author = {Ohnishi, Katsunori and Yamamoto, Shohei and Ushiku, Yoshitaka and Harada, Tatsuya},
    journal = {arXiv preprint arXiv:1711.09618},
    year = {2017}
}

@inproceedings{lai2017semi,
    title = {Semi-supervised learning for optical flow with generative adversarial networks},
    author = {Lai, Wei-Sheng and Huang, Jia-Bin and Yang, Ming-Hsuan},
    booktitle = {Advances in neural information processing systems},
    pages = {354--364},
    year = {2017}
}

% -------------------- Datasets (1/2)

% mahadevan2010anomaly

@misc{ai2029dataset,
    title = {Ai City Challenge 2019 Data Sets},
    author = {Ai City Challenge},
    year = {2019},
    howpublished = {\url{https://www.aicitychallenge.org/2019-data-sets/}},
}

% ---------------------------------------- Anomaly Detection (5)

@article{chandola2009anomaly,
    title={Anomaly detection: A survey},
    author={Chandola, Varun and Banerjee, Arindam and Kumar, Vipin},
    journal={ACM computing surveys (CSUR)},
    volume={41},
    number={3},
    pages={15},
    year={2009},
    publisher={ACM}
}

@article{malik2014comparative,
    title={Comparative analysis of outlier detection techniques},
    author={Malik, Kamal and Sadawarti, H and G S, Kalra},
    journal={International Journal of Computer Applications},
    volume={97},
    number={8},
    pages={12--21},
    year={2014}
}

@inproceedings{schlegl2017unsupervised,
    title={Unsupervised anomaly detection with generative adversarial networks to guide marker discovery},
    author={Schlegl, Thomas and Seeb{\"o}ck, Philipp and Waldstein, Sebastian M and Schmidt-Erfurth, Ursula and Langs, Georg},
    booktitle={International conference on information processing in medical imaging},
    pages={146--157},
    year={2017},
    organization={Springer}
}

% IFTM
@inproceedings{schmidt2018iftm,
    title = {Iftm-unsupervised anomaly detection for virtualized network function services},
    author = {Schmidt, Florian and Gulenko, Anton and Wallschl {\"a} ger, Marcel and Acker, Alexander and Hennig, Vincent and Liu, Feng and Kao, Odej},
    booktitle = {2018 IEEE International Conference on Web Services (ICWS)},
    pages = {187--194},
    year = {2018},
    organization = {IEEE}
}

@inproceedings{akcay2018ganomaly,
    title={Ganomaly: Semi-supervised anomaly detection via adversarial training},
    author={Akcay, Samet and Atapour-Abarghouei, Amir and Breckon, Toby P},
    booktitle={Asian conference on computer vision},
    pages={622--637},
    year={2018},
    organization={Springer}
}

% ---------------------------------------- Deeplearning (27)

% NN General
@book{haykin1994neural,
    title={Neural networks: a comprehensive foundation},
    author={Haykin, Simon},
    year={1994},
    publisher={Prentice Hall PTR}
}

@article{hochreiter1997long,
    title={Long short-term memory},
    author={Hochreiter, Sepp and Schmidhuber, J{\"u}rgen},
    journal={Neural computation},
    volume={9},
    number={8},
    pages={1735--1780},
    year={1997},
    publisher={MIT Press}
}

@article{yao2007early,
    title={On early stopping in gradient descent learning},
    author={Yao, Yuan and Rosasco, Lorenzo and Caponnetto, Andrea},
    journal={Constructive Approximation},
    volume={26},
    number={2},
    pages={289--315},
    year={2007},
    publisher={Springer}
}

% DNN
@book{bengio2009learning,
    title={Learning deep architectures for AI},
    author={Bengio, Yoshua},
    year={2009},
    publisher={Now Publishers Inc}
}

@inproceedings{nair2010rectified,
    title={Rectified linear units improve restricted boltzmann machines},
    author={Nair, Vinod and Hinton, Geoffrey E},
    booktitle={ICML},
    year={2010}
}

% Glorot
@inproceedings{glorot2010understanding,
    title={Understanding the difficulty of training deep feedforward neural networks},
    author={Glorot, Xavier and Bengio, Yoshua},
    booktitle={Proceedings of the thirteenth international conference on artificial intelligence and statistics},
    pages={249--256},
    year={2010}
}

% Deconv NN
@inproceedings{zeiler2010deconvolutional,
    title={Deconvolutional networks},
    author={Zeiler, Matthew D and Krishnan, Dilip and Taylor, Graham W and Fergus, Rob},
    booktitle={2010 IEEE Computer Society Conference on computer vision and pattern recognition},
    pages={2528--2535},
    year={2010},
    organization={IEEE}
}

% Regularization, Dropout
@article{hinton2012improving,
    title={Improving neural networks by preventing co-adaptation of feature detectors},
    author={Hinton, Geoffrey E and Srivastava, Nitish and Krizhevsky, Alex and Sutskever, Ilya and Salakhutdinov, Ruslan R},
    journal={arXiv preprint arXiv:1207.0580},
    year={2012}
}

% Batch Generation
@incollection{bengio2012practical,
    title={Practical recommendations for gradient-based training of deep architectures},
    author={Bengio, Yoshua},
    booktitle={Neural networks: Tricks of the trade},
    pages={437--478},
    year={2012},
    publisher={Springer}
}

% Conv NN
@inproceedings{ciregan2012multi,
    title={Multi-column deep neural networks for image classification},
    author={Ciregan, Dan and Meier, Ueli and Schmidhuber, J{\"u}rgen},
    booktitle={2012 IEEE conference on computer vision and pattern recognition},
    pages={3642--3649},
    year={2012},
    organization={IEEE}
}

% Conv 3d
@article{ji20123d,
    title={3D convolutional neural networks for human action recognition},
    author={Ji, Shuiwang and Xu, Wei and Yang, Ming and Yu, Kai},
    journal={IEEE transactions on pattern analysis and machine intelligence},
    volume={35},
    number={1},
    pages={221--231},
    year={2012},
    publisher={IEEE}
}

% ReLU
@inproceedings{maas2013rectifier,
    title={Rectifier nonlinearities improve neural network acoustic models},
    author={Maas, Andrew L and Hannun, Awni Y and Ng, Andrew Y},
    booktitle={Proc. icml},
    volume={30},
    number={1},
    pages={3},
    year={2013}
}

% Learning Rate
@article{krizhevsky2014one,
    title={One weird trick for parallelizing convolutional neural networks},
    author={Krizhevsky, Alex},
    journal={arXiv preprint arXiv:1404.5997},
    year={2014}
}

@article{kingma2014adam,
    title={Adam: A method for stochastic optimization},
    author={Kingma, Diederik P and Ba, Jimmy},
    journal={arXiv preprint arXiv:1412.6980},
    year={2014}
}

% Strided Conv
@article{springenberg2014striving,
    title={Striving for simplicity: The all convolutional net},
    author={Springenberg, Jost Tobias and Dosovitskiy, Alexey and Brox, Thomas and Riedmiller, Martin},
    journal={arXiv preprint arXiv:1412.6806},
    year={2014}
}

@article{yu2015multi,
  title={Multi-scale context aggregation by dilated convolutions},
  author={Yu, Fisher and Koltun, Vladlen},
  journal={arXiv preprint arXiv:1511.07122},
  year={2015}
}

@article{mathieu2015deep,
  title={Deep multi-scale video prediction beyond mean square error},
  author={Mathieu, Michael and Couprie, Camille and LeCun, Yann},
  journal={arXiv preprint arXiv:1511.05440},
  year={2015}
}

@inproceedings{ronneberger2015u,
  title={U-net: Convolutional networks for biomedical image segmentation},
  author={Ronneberger, Olaf and Fischer, Philipp and Brox, Thomas},
  booktitle={International Conference on Medical image computing and computer-assisted intervention},
  pages={234--241},
  year={2015},
  organization={Springer}
}

@inproceedings{revaud2015epicflow,
  title={Epicflow: Edge-preserving interpolation of correspondences for optical flow},
  author={Revaud, Jerome and Weinzaepfel, Philippe and Harchaoui, Zaid and Schmid, Cordelia},
  booktitle={Proceedings of the IEEE conference on computer vision and pattern recognition},
  pages={1164--1172},
  year={2015}
}

@article{ioffe2015batch,
    title={Batch normalization: Accelerating deep network training by reducing internal covariate shift},
    author={Ioffe, Sergey and Szegedy, Christian},
    journal={arXiv preprint arXiv:1502.03167},
    year={2015}
}

% Conv 3d
@inproceedings{tran2015learning,
    title={Learning spatiotemporal features with 3d convolutional networks},
    author={Tran, Du and Bourdev, Lubomir and Fergus, Rob and Torresani, Lorenzo and Paluri, Manohar},
    booktitle={Proceedings of the IEEE international conference on computer vision},
    pages={4489--4497},
    year={2015}
}

@misc{chollet2015keras,
    title={Keras},
    author={Chollet, Fran\c{c}ois and others},
    year={2015},
    howpublished={\url{https://keras.io}},
}

@article{shi2015convolutional,
  title={Convolutional LSTM network: A machine learning approach for precipitation nowcasting},
  author={Shi, Xingjian and Chen, Zhourong and Wang, Hao and Yeung, Dit-Yan and Wong, Wai-Kin and Woo, Wang-chun},
  journal={arXiv preprint arXiv:1506.04214},
  year={2015}
}

% HE initializer 
@inproceedings{he2015delving,
    title={Delving deep into rectifiers: Surpassing human-level performance on imagenet classification},
    author={He, Kaiming and Zhang, Xiangyu and Ren, Shaoqing and Sun, Jian},
    booktitle={Proceedings of the IEEE international conference on computer vision},
    pages={1026--1034},
    year={2015}
}

@inproceedings{he2016deep,
  title={Deep residual learning for image recognition},
  author={He, Kaiming and Zhang, Xiangyu and Ren, Shaoqing and Sun, Jian},
  booktitle={Proceedings of the IEEE conference on computer vision and pattern recognition},
  pages={770--778},
  year={2016}
}

% Conv NN Example
@article{krizhevsky2017imagenet,
    title={Imagenet classification with deep convolutional neural networks},
    author={Krizhevsky, Alex and Sutskever, Ilya and Hinton, Geoffrey E},
    journal={Communications of the ACM},
    volume={60},
    number={6},
    pages={84--90},
    year={2017},
    publisher={AcM New York, NY, USA}
}

@article{radiuk2017impact,
    title={Impact of training set batch size on the performance of convolutional neural networks for diverse datasets},
    author={Radiuk, Pavlo M},
    journal={Information Technology and Management Science},
    volume={20},
    number={1},
    pages={20--24},
    year={2017},
    publisher={Sciendo}
}

@inproceedings{wu2019convolution,
    title={Convolution with even-sized kernels and symmetric padding},
    author={Wu, Shuang and Wang, Guanrui and Tang, Pei and Chen, Feng and Shi, Luping},
    booktitle={Advances in Neural Information Processing Systems},
    pages={1194--1205},
    year={2019}
}

% -------------------- Generative Adversial Networks (8)

% GAN
@inproceedings{goodfellow2014generative,
    title={Generative adversarial nets},
    author={Goodfellow, Ian and Pouget-Abadie, Jean and Mirza, Mehdi and Xu, Bing and Warde-Farley, David and Ozair, Sherjil and Courville, Aaron and Bengio, Yoshua},
    booktitle={Advances in neural information processing systems},
    pages={2672--2680},
    year={2014}
}

% C-GAN
@article{mirza2014conditional,
    title={Conditional generative adversarial nets},
    author={Mirza, Mehdi and Osindero, Simon},
    journal={arXiv preprint arXiv:1411.1784},
    year={2014}
}

% DCGAN
@article{radford2015unsupervised,
    title={Unsupervised representation learning with deep convolutional generative adversarial networks},
    author={Radford, Alec and Metz, Luke and Chintala, Soumith},
    journal={arXiv preprint arXiv:1511.06434},
    year={2015}
}

@article{isola2016image,
    title={Image-to-image translation with conditional adversarial networks. CoRR abs/1611.07004 (2016)},
    author={Isola, Phillip and Zhu, Jun-Yan and Zhou, Tinghui and Efros, Alexei A},
    journal={arXiv preprint arXiv:1611.07004},
    year={2016}
}

@inproceedings{roth2017stabilizing,
    title={Stabilizing training of generative adversarial networks through regularization},
    author={Roth, Kevin and Lucchi, Aurelien and Nowozin, Sebastian and Hofmann, Thomas},
    booktitle={Advances in neural information processing systems},
    pages={2018--2028},
    year={2017}
}

@article{arjovsky2017towards,
  title={Towards principled methods for training generative adversarial networks},
  author={Arjovsky, Martin and Bottou, L{\'e}on},
  journal={arXiv preprint arXiv:1701.04862},
  year={2017}
}

@incollection{zhang2018convergence,
    title={On the convergence and mode collapse of gan},
    author={Zhang, Zhaoyu and Li, Mengyan and Yu, Jun},
    booktitle={SIGGRAPH Asia 2018 Technical Briefs},
    pages={1--4},
    year={2018}
}

@inproceedings{thanh2020catastrophic,
    title={Catastrophic forgetting and mode collapse in GANs},
    author={Thanh-Tung, Hoang and Tran, Truyen},
    booktitle={2020 International Joint Conference on Neural Networks (IJCNN)},
    pages={1--10},
    year={2020},
    organization={IEEE}
}

% ---------------------------------------- CCTV (7)

@article{bruce2001matching,
    title={Matching identities of familiar and unfamiliar faces caught on CCTV images.},
    author={Bruce, Vicki and Henderson, Zo{\"e} and Newman, Craig and Burton, A Mike},
    journal={Journal of Experimental Psychology: Applied},
    volume={7},
    number={3},
    pages={207},
    year={2001},
    publisher={American Psychological Association}
}

@book{damjanovski2005cctv,
    title={CCTV: Networking and digital technology},
    author={Damjanovski, Vlado},
    year={2005},
    publisher={Elsevier}
}

@article{vlahos2009surveillance,
    title={Surveillance society: New high-tech cameras are watching you},
    author={Vlahos, James},
    journal={Popular Mechanics},
    volume={1},
    year={2009}
}

@book{dempsey2010introduction,
    title={Introduction to private security},
    author={Dempsey, John S},
    year={2010},
    publisher={Cengage Learning}
}

@incollection{fleck2010privacy,
    title={Privacy sensitive surveillance for assisted living--a smart camera approach},
    author={Fleck, Sven and Stra{\ss}er, Wolfgang},
    booktitle={Handbook of Ambient Intelligence and Smart Environments},
    pages={985--1014},
    year={2010},
    publisher={Springer}
}

@book{kruegle2011cctv,
    title={CCTV Surveillance: Video practices and technology},
    author={Kruegle, Herman},
    year={2011},
    publisher={Elsevier}
}

@incollection{ferenbok2013hidden,
    title={Hidden Changes: from CCTV to ‘Smart’video surveillance},
    author={Ferenbok, Joseph and Clement, Andrew},
    booktitle={Eyes Everywhere},
    pages={234--250},
    year={2013},
    publisher={Routledge}
}

% ---------------------------------------- Misc ML (8)

@article{cover1967nearest,
    title={Nearest neighbor pattern classification},
    author={Cover, Thomas and Hart, Peter},
    journal={IEEE transactions on information theory},
    volume={13},
    number={1},
    pages={21--27},
    year={1967},
    publisher={IEEE}
}

@article{stone1974cross,
  title={Cross-validatory choice and assessment of statistical predictions},
  author={Stone, Mervyn},
  journal={Journal of the Royal Statistical Society: Series B (Methodological)},
  volume={36},
  number={2},
  pages={111--133},
  year={1974},
  publisher={Wiley Online Library}
}

@inproceedings{karp1992line,
    title={On-line algorithms versus off-line algorithms: How much is it worth to know the future?},
    author={Karp, Richard M},
    booktitle={IFIP Congress (1)},
    volume={12},
    pages={416--429},
    year={1992}
}

@article{bradley1997use,
  title={The use of the area under the ROC curve in the evaluation of machine learning algorithms},
  author={Bradley, Andrew P},
  journal={Pattern recognition},
  volume={30},
  number={7},
  pages={1145--1159},
  year={1997},
  publisher={Elsevier}
}

@book{Bishop2006patttern,
    author = {Bishop, Christopher M.},
    title = {Pattern Recognition and Machine Learning},
    year = {2006},
    isbn = {0387310738},
    publisher = {Springer-Verlag},
    address = {Berlin, Heidelberg},
}

@article{huebscher2008survey,
    title={A survey of autonomic computing—degrees, models, and applications},
    author={Huebscher, Markus C and McCann, Julie A},
    journal={ACM Computing Surveys (CSUR)},
    volume={40},
    number={3},
    pages={7},
    year={2008},
    publisher={ACM}
}

@article{lecun2010mnist,
    title={MNIST handwritten digit database},
    author={LeCun, Yann and Cortes, Corinna and Burges, CJ},
    journal={ATT Labs [Online]. Available: http://yann.lecun.com/exdb/mnist},
    volume={2},
    year={2010}
}

@inproceedings{erhan2010does,
    title={Why does unsupervised pre-training help deep learning?},
    author={Erhan, Dumitru and Courville, Aaron and Bengio, Yoshua and Vincent, Pascal},
    booktitle={Proceedings of the thirteenth international conference on artificial intelligence and statistics},
    pages={201--208},
    year={2010},
    organization={JMLR Workshop and Conference Proceedings}
}

% ---------------------------------------- Misc (4)

@article{woodward2009infants,
    title={Infants' grasp of others' intentions},
    author={Woodward, Amanda L},
    journal={Current directions in psychological science},
    volume={18},
    number={1},
    pages={53--57},
    year={2009},
    publisher={SAGE Publications Sage CA: Los Angeles, CA}
}

@article{owens2008gpu,
    title={GPU computing},
    author={Owens, John D and Houston, Mike and Luebke, David and Green, Simon and Stone, John E and Phillips, James C},
    journal={Proceedings of the IEEE},
    volume={96},
    number={5},
    pages={879--899},
    year={2008},
    publisher={IEEE}
}

@inproceedings{abadi2016tensorflow,
    title={Tensorflow: A system for large-scale machine learning},
    author={Abadi, Mart{\'\i}n and Barham, Paul and Chen, Jianmin and Chen, Zhifeng and Davis, Andy and Dean, Jeffrey and Devin, Matthieu and Ghemawat, Sanjay and Irving, Geoffrey and Isard, Michael and others},
    booktitle={12th $\{$USENIX$\}$ symposium on operating systems design and implementation ($\{$OSDI$\}$ 16)},
    pages={265--283},
    year={2016}
}

@misc{brd2017fdpa,
    title   = {Federal Data Protection Act of 30 June 2017 (Federal Law Gazette I p. 2097), as last amended by Article 12 of the Act of 20 November 2019 (Federal Law Gazette I, p. 1626).},
    howpublished = {\url{https://www.gesetze-im-internet.de/englisch_bdsg/englisch_bdsg.html}},
}
